

@MISC{FCC,
    author = {Federal Communications Commission},
    title = {First Report and Order, Revision of Part 15 of the Commissionâ€™s Rules Regarding Ultra-Wideband Transmission Systems},
    year = {2002},
    note = {02-48}
}

@misc{what_is_UWB,
  title = {What is UWB (Ultra-wideband)?},
  howpublished = {https://www.utmel.com/blog/categories/wireless/what-is-uwb-ultra-wideband},
  note = {Accessed on: 04/09/2023}
}


@misc{comparison_uwb_wikipedia,
  title = {Comparison of wireless data standards},
  howpublished = {\url{https://en.wikipedia.org/wiki/Comparison_of_wireless_data_standards}},
  note = {Accessed on: 04/09/2023}
}

@misc{CLOVES_website,
  title = {Communication and Localization Testbed for Validation of Embedded Systems},
  howpublished = {https://iottestbed.disi.unitn.it/cloves/},
  note = {Accessed on: 04/09/2023}
}





@article{comparison_paper,
  author = {Chakkor Saad; El Ahmadi Cheikh; Baghouri Mostafa; Hajraoui Abderrahmane},
  title = {Comparative Performance Analysis of Wireless Communication Protocols for Intelligent Sensors and Their Applications},
  journal = {(IJACSA) International Journal of Advanced Computer Science and Applications},
  volume = {5},
  number = {4},
  pages = {75-85},
  year = {2014}
}


@misc{paper_UWB_characteristics,
  author = {Chutao Zheng; Yuchu Ge; Anfu Guo},
  title = {Ultra-Wideband Technology: Characteristics, Applications and Challenges},
  howpublished = {https://arxiv.org/pdf/2307.13066.pdf}
}


@misc{DW1000_product_brief,
  title = {Decawave product brief: DW1000},
  howpublished = {https://www.qorvo.com/products/d/da007945},
  note = {Accessed on: 04/09/2023}
}



@article{AEP_paper,
  author = {Fouad Sakr; Riccardo Berta; Joseph Doyle; Alessandro De Gloria; Francesco Bellotti},
  title = {Self-Learning Pipeline for Low-Energy Resource-Constrained Devices},
  journal = {Energies},
  volume = {14},
  number = {20},
  year = {2021}
}

@article{ML_paper,
  author = {Iqbal H. Sarker},
  title = {Machine Learning: Algorithms, Real-World Applications and Research Directions},
  journal = {SN Computer Science},
  volume = {2},
  number = {3},
  pages = {160},
  year = {2021}
}


@misc{kmeans++,
  title = {k-means++},
  howpublished = {https://en.wikipedia.org/wiki/K-means%2B%2B},
  note = {Accessed on: 04/09/2023}
}

@article{DML_paper,
  author = {Joost Verbraeken; Matthijs Wolting; Jonathan Katzy; Jeroen Kloppenburg; Tim Verbelen, Jan S. Rellermeyer},
  title = {A Survey on Distributed Machine Learning},
  journal = {Acm computing surveys (csur)},
  volume = {53},
  number = {2},
  pages = {1-33},
  year = {2020}
}

@misc{DW1000_manual,
  author = {DecaWave},
  title = {DW1000 User Manual},
  howpublished = {https://www.qorvo.com/products/d/da007967},
  note = {Version 2.18},
  year = {2017},
}


@misc{diabetes_db,
  author = {Chatrati, S.P.; Hossain, G.; Goyal, A.; Bhan, A.; Bhattacharya, S.; Gaurav, D.; Tiwari, S.M.},
  title = {Smart home health monitoring system for predicting type 2 diabetes and hypertension},
  year = {2020},
}







% book
% Required fields: author or editor, title, publisher, year. 
% Optional fields: volume or number, series, address, edition, month, note.
@book{coulouris,
  author = {Coulouris  G.  F.,  Dollimore J. e  Kindberg T},
  title = {Distributed Systems: concepts and Design},
  publisher = {Addison-Wesley},
  year = {1994},
  edition = "second edition"

}

% article
% Required fields: author, title, journal, year. 
% Optional fields: volume, number, pages, month, note.
@article{donoho,
  author = {Donoho D. L.},
  title = {Compressed Sensing},
  journal = {IEEE Trans. Inf. Theory},
  volume = {52},
  number = {4},
  pages = {1289-1306},
  year = {2006}
}

% conference
% same as inproceedings
% Required fields: author, title, booktitle, year. 
% Optional fields: editor, volume or number, series, pages, address, month, organization, publisher, note
@conference{dalal,
  author = {Dalal N., Triggs B.},
  title = {Histograms of Oriented Gradients for Human Detection},
  booktitle = {Computer Vision and Pattern Recognition (CVPR)},
  address = {San Diego, USA},
  year = {2005},
  month = {20-26 June},
  pages = {886-893}
}

% website
% as misc
% Required fields: none. 
% Optional fields: author, title, howpublished, month, year, note.
@misc{ictbusiness,
  title = {ICT business},
  howpublished = {http://www.ictbusiness.it/},
  note = {ultimo accesso 15/06/2015}
}

@MISC{libfixed,
    author = {Abstract Research Group},
    title = {libfixed},
    year = {2018},
    howpublished = {\url{https://github.com/CMUAbstract/libfixed/tree/b6a5caf12468fd4d573f17f1984706e1b9f5bcc0}}
}


